@Article{Gross202250YO,
 author = {F. Gross and E. Klempt and S. Brodsky and A. Buras and V. Burkert and G. Heinrich and K. Jakobs and C. Meyer and K. Orginos and M. Strickland and J. Stachel and G. Zanderighi and N. Brambilla and P. Braun-Munzinger and D. Britzger and S. Capstick and T. Cohen and V. Crede and M. Constantinou and C. Davies and L. Debbio and A. Denig and C. DeTar and A. Deur and Yu.L. Dokshitzer and H. Dosch and J. Dudek and Monica Dunford and E. Epelbaum and M. A. Escobedo and H. Fritzsch and K. Fukushima and P. Gambino and D. Gillberg and S. Gottlieb and P. Grafstrom and M. Grazzini and B. Grube and A. Guskov and Toru Iijima and X. Ji and F. Karsch and S. Kluth and J. Kogut and F. Krauss and S. Kumano and D. Leinweber and H. Leutwyler and Hai-Bo Li and Yang Li and B. Malaescu and C. Mariotti and P. Maris and S. Marzani and W. Melnitchouk and J. Messchendorp and H. Meyer and R. Mitchell and C. Mondal and F. Nerling and S. Neubert and M. Pappagallo and S. Pastore and J. R. Pel'aez and A. Puckett and J. Qiu and K. Rabbertz and A. Ramos and P. Rossi and A. Rustamov and A. Schafer and S. Scherer and M. Schindler and S. Schramm and M. Shifman and E. Shuryak and T. Sjostrand and G. Sterman and I. Stewart and J. Stroth and E. Swanson and Guy F. de Téramond and U. Thoma and A. Vairo and D. Dyk and J. Vary and J. Virto and M. Vos and Christian Weiss and M. Wobisch and Sau Wu and C. Young and F. Yuan and Xingbo Zhao and Xiaorong Zhou},
 booktitle = {The European Physical Journal C},
 journal = {The European Physical Journal C},
 pages = {1-636},
 title = {50 Years of quantum chromodynamics},
 volume = {83},
 year = {2022}
}


@Inproceedings{Burkert2022NucleonRA,
 author = {V. Burkert},
 title = {Nucleon resonances and transition form factors},
 year = {2022}
}


