@Article{Iritani_2019,
  author    = {Iritani, Takumi and Aoki, Sinya and Doi, Takumi and Etminan, Faisal and Gongyo, Shinya and Hatsuda, Tetsuo and Ikeda, Yoichi and Inoue, Takashi and Ishii, Noriyoshi and Miyamoto, Takaya and Sasaki, Kenji},
  journal   = {Physics Letters B},
  title     = {NΩ dibaryon from lattice QCD near the physical point},
  year      = {2019},
  issn      = {0370-2693},
  month     = may,
  note      = {\href{https://www.sciencedirect.com/science/article/pii/S0370269319302199?via%3Dihub}{[Elsevier]}},
  pages     = {284--289},
  volume    = {792},
  doi       = {https://doi.org/10.1016/j.physletb.2019.03.050},
  publisher = {Elsevier BV},
}

@Article{Hatsuda_2017,
  author    = {Hatsuda, Tetsuo and Morita, Kenji and Ohnishi, Akira and Sasaki, Kenji},
  journal   = {Nuclear Physics A},
  title     = {p Ξ${}^{-}$ Correlation in Relativistic Heavy Ion Collisions with Nucleon-Hyperon Interaction from Lattice QCD},
  year      = {2017},
  issn      = {0375-9474},
  month     = nov,
  note      = {\href{https://www.sciencedirect.com/science/article/pii/S0375947417301124?via%3Dihub}{[Elsevier]}},
  pages     = {856--859},
  volume    = {967},
  doi       = {https://doi.org/10.1016/j.nuclphysa.2017.04.041},
  publisher = {Elsevier BV},
}

@Article{Collaboration2020,
  author    = {ALICE Collaboration},
  journal   = {Nature},
  title     = {Unveiling the strong interaction among hadrons at the LHC},
  year      = {2020},
  issn      = {1476-4687},
  month     = dec,
  note      = {\href{https://www.nature.com/articles/s41586-020-3001-6#citeas}{[Nature]}},
  number    = {7837},
  pages     = {232--238},
  volume    = {588},
  doi       = {https://doi.org/10.1038/s41586-020-3001-6},
  publisher = {Springer Science and Business Media LLC},
}

@Article{Collaboration2021,
  author        = {ALICE Collaboration},
  journal       = {Phys. Rev. Lett.},
  title         = {Experimental Evidence for an Attractive p-φ Interaction},
  year          = {2021},
  month         = {Oct},
  note          = {\href{https://journals.aps.org/prl/abstract/10.1103/PhysRevLett.127.172301}{[APS]}},
  pages         = {172301},
  volume        = {127},
  collaboration = {ALICE Collaboration},
  doi           = {10.1103/PhysRevLett.127.172301},
  issue         = {17},
  numpages      = {13},
  publisher     = {American Physical Society},
  url           = {https://link.aps.org/doi/10.1103/PhysRevLett.127.172301},
}

@Comment{jabref-meta: databaseType:bibtex;}
