@Article{Artru1974,
  author    = {Artru, X. and Mennessier, G.},
  journal   = {Nuclear Physics B},
  title     = {String model and multiproduction},
  year      = {1974},
  issn      = {0550-3213},
  month     = feb,
  note      = {\href{https://doi.org/10.1016/0550-3213(74)90360-5}{[Elsevier]}},
  number    = {1},
  pages     = {93--115},
  volume    = {70},
  doi       = {https://doi.org/10.1016/0550-3213(74)90360-5},
  publisher = {Elsevier BV},
  url       = {https://doi.org/10.1016/0550-3213(74)90360-5},
}

@Article{Andersson_1983,
  author    = {Andersson, B. and Gustafson, G. and Söderberg, B.},
  journal   = {Zeitschrift for Physik C Particles and Fields},
  title     = {A general model for jet fragmentation},
  year      = {1983},
  issn      = {1434-6052},
  month     = dec,
  note      = {\href{https://doi.org/10.1007/BF01407824}{[Springer]}},
  number    = {4},
  pages     = {317--329},
  volume    = {20},
  doi       = {https://doi.org/10.1007/BF01407824},
  publisher = {Springer Science and Business Media LLC},
  url       = {https://doi.org/10.1007/BF01407824},
}

@Article{Hwa_1981,
  author    = {Hwa, Rudolph C. and Zahir, M. Sajjad},
  journal   = {Physical Review D},
  title     = {Parton and valon distributions in the nucleon},
  year      = {1981},
  issn      = {0556-2821},
  month     = jun,
  note      = {\href{https://journals.aps.org/prd/abstract/10.1103/PhysRevD.23.2539}{[APS]}},
  number    = {11},
  pages     = {2539--2553},
  volume    = {23},
  doi       = {https://doi.org/10.1103/PhysRevD.23.2539},
  publisher = {American Physical Society (APS)},
}

@Article{PhysRevLett.105.022002,
  author        = {CMS Collaboration},
  journal       = {Phys. Rev. Lett.},
  title         = {Transverse-Momentum and Pseudorapidity Distributions of Charged Hadrons in $pp$ Collisions at $\sqrt{s}=7\text{ }\text{ }\mathrm{TeV}$},
  year          = {2010},
  month         = {Jul},
  note          = {\href{https://journals.aps.org/prl/abstract/10.1103/PhysRevLett.105.022002}{[APS]}},
  pages         = {022002},
  volume        = {105},
  collaboration = {CMS Collaboration},
  doi           = {10.1103/PhysRevLett.105.022002},
  issue         = {2},
  numpages      = {14},
  publisher     = {American Physical Society},
  url           = {https://link.aps.org/doi/10.1103/PhysRevLett.105.022002},
}

@Article{Marques_2015,
  author    = {Marques, L. and Cleymans, J. and Deppman, A.},
  journal   = {Physical Review D},
  title     = {Description of high-energyppcollisions using Tsallis thermodynamics: Transverse momentum and rapidity distributions},
  year      = {2015},
  issn      = {1550-2368},
  month     = mar,
  note      = {\href{https://journals.aps.org/prd/abstract/10.1103/PhysRevD.91.054025}{[APS]}},
  number    = {5},
  pages     = {054025},
  volume    = {91},
  doi       = {https://doi.org/10.1103/PhysRevD.91.054025},
  publisher = {American Physical Society (APS)},
  url       = {https://doi.org/10.1103/PhysRevD.91.054025},
}

@Article{Bhattacharyya_2018,
  author    = {Bhattacharyya, T and Cleymans, J and Marques, L and Mogliacci, S and Paradza, M W},
  journal   = {Journal of Physics G: Nuclear and Particle Physics},
  title     = {On the precise determination of the Tsallis parameters in proton–proton collisions at LHC energies},
  year      = {2018},
  issn      = {1361-6471},
  month     = mar,
  note      = {\href{https://iopscience.iop.org/article/10.1088/1361-6471/aaaea0}{[IOPScience]}},
  number    = {5},
  pages     = {055001},
  volume    = {45},
  doi       = {10.1088/1361-6471/aaaea0},
  publisher = {IOP Publishing},
}

@Article{Khuntia_2017,
  author    = {Khuntia, Arvind and Tripathy, Sushanta and Sahoo, Raghunath and Cleymans, Jean},
  journal   = {The European Physical Journal A},
  title     = {Multiplicity dependence of non-extensive parameters for strange and multi-strange particles in proton-proton collisions at $\sqrt{s} = 7$ s = 7 TeV at the LHC},
  year      = {2017},
  issn      = {1434-601X},
  month     = may,
  note      = {\href{https://link.springer.com/article/10.1140/epja/i2017-12291-8}{[Springer]}},
  number    = {5},
  volume    = {53},
  doi       = {https://doi.org/10.1140/epja/i2017-12291-8},
  publisher = {Springer Science and Business Media LLC},
  url       = {https://doi.org/10.1140/epja/i2017-12291-8},
}

@Article{Saraswat_2018,
  author    = {Saraswat, Kapil and Shukla, Prashant and Singh, Venktesh},
  journal   = {Journal of Physics Communications},
  title     = {Transverse momentum spectra of hadrons in high energy pp and heavy ion collisions},
  year      = {2018},
  issn      = {2399-6528},
  month     = mar,
  note      = {\href{https://iopscience.iop.org/article/10.1088/2399-6528/aab00f}{[IOPScience]}},
  number    = {3},
  pages     = {035003},
  volume    = {2},
  doi       = {10.1088/2399-6528/aab00f},
  publisher = {IOP Publishing},
}

@Article{Saraswat_2017,
  author    = {Saraswat, Kapil and Shukla, Prashant and Kumar, Vineet and Singh, Venktesh},
  journal   = {The European Physical Journal A},
  title     = {Strange hadron production in pp, pPb and PbPb collisions at LHC energies},
  year      = {2017},
  issn      = {1434-601X},
  month     = may,
  note      = {\href{https://link.springer.com/article/10.1140/epja/i2017-12276-7}{[Springer]}},
  number    = {5},
  volume    = {53},
  doi       = {https://doi.org/10.1140/epja/i2017-12276-7},
  publisher = {Springer Science and Business Media LLC},
  url       = {https://doi.org/10.1140/epja/i2017-12276-7},
}

@Comment{jabref-meta: databaseType:bibtex;}
