@Article{Wilczek1982,
  author  = {Frank Wilczek},
  journal = {Annual Review of Nuclear and Particle Science},
  title   = {QUANTUM CHROMODYNAMICS: The Modern Theory of the Strong Interaction},
  year    = {1982},
  note    = {\href{https://www.annualreviews.org/doi/pdf/10.1146/annurev.ns.32.120182.001141}{https://www.annualreviews.org/doi/pdf/10.1146/annurev.ns.32.120182.001141}},
  number  = {32},
  pages   = {177-209},
  url     = {https://www.annualreviews.org/doi/pdf/10.1146/annurev.ns.32.120182.001141},
}

@article{Burkert2020,
  author = {Burkert, V. D. and others},
  title = {Colloquium: Gravitational form factors of the proton},
  journal = {Rev. Mod. Phys.},
  volume = {92},
  pages = {015004},
  year = {2020},
  note    = {\href{https://arxiv.org/abs/2303.08347}{[arxiv]}},
  doi = {10.1103/RevModPhys.92.015004}
}
@article{Shanahan2019,
  author = {Shanahan, P. E. and others},
  title = {Nonperturbative aspects of the QCD energy-momentum tensor},
  journal = {Phys. Rev. D},
  volume = {100},
  pages = {094502},
  year = {2019}, 
  doi = {10.1103/PhysRevD.100.094502}
}

@article{Hall2018,
  author = {Hall, A. and others},
  title = {Deeply Virtual Compton Scattering at HERA},
  journal = {JHEP},
  volume = {05},
  pages = {034},
  year = {2018},
  note    = {\href{https://inspirehep.net/literature/654176}{[inspirehep]}},
  doi = {10.1007/JHEP05(2018)034}
}


@Comment{jabref-meta: databaseType:bibtex;}
