@article{AIHPA_1968__8_2_163_0,
  author    = {Bogolioubov, P. N.},
  journal   = {Annales de l'institut Henri Poincar\'e. Section A, Physique Th\'eorique},
  title     = {Sur un mod\`ele \`a quarks quasi-ind\'ependants},
  year      = {1968},
  note      = {\href{http://www.numdam.org/item/AIHPA_1968__8_2_163_0/}{[Numdam]}},
  number    = {2},
  pages     = {163--189},
  volume    = {8},
  language  = {fr},
  publisher = {Gauthier-Villars},
  url       = {http://www.numdam.org/item/AIHPA_1968__8_2_163_0/}
}

@article{Chodos_1974,
  author    = {A. Chodos and R. L. Jaffe and K. Johnson and C. B. Thorn and V. F. Weisskopf},
  journal   = {Physical Review D},
  title     = {New extended model of hadrons},
  year      = {1974},
  month     = {jun},
  note      = {\href{https://journals.aps.org/prd/abstract/10.1103/PhysRevD.9.3471}{[APS]}},
  number    = {12},
  pages     = {3471--3495},
  volume    = {9},
  doi       = {https://doi.org/10.1103/PhysRevD.9.3471},
  publisher = {American Physical Society ({APS})},
  url       = {https://doi.org/10.1103/PhysRevD.9.3471}
}

@article{Chodos1974,
  author    = {A. Chodos and R. L. Jaffe and K. Johnson and C. B. Thorn and V. F. Weisskopf},
  journal   = {Physical Review D},
  title     = {New extended model of hadrons},
  year      = {1974},
  month     = {jun},
  number    = {12},
  pages     = {3471--3495},
  volume    = {9},
  doi       = {doi:10.1103/physrevd.9.3471Â },
  publisher = {American Physical Society ({APS})}
}

@article{Chodos1974a,
  author    = {A. Chodos and R. L. Jaffe and K. Johnson and C. B. Thorn},
  journal   = {Physical Review D},
  title     = {Baryon structure in the bag theory},
  year      = {1974},
  month     = {oct},
  note      = {\href{https://journals.aps.org/prd/abstract/10.1103/PhysRevD.10.2599}{[APS]}},
  number    = {8},
  pages     = {2599--2604},
  volume    = {10},
  doi       = {doi:10.1103/physrevd.10.2599},
  publisher = {American Physical Society ({APS})}
}

@article{DeGrand_1975,
  author    = {T. DeGrand and R. L. Jaffe and K. Johnson and J. Kiskis},
  journal   = {Physical Review D},
  title     = {Masses and other parameters of the light hadrons},
  year      = {1975},
  month     = {oct},
  number    = {7},
  pages     = {2060--2076},
  volume    = {12},
  doi       = {https://doi.org/10.1103/PhysRevD.12.2060},
  publisher = {American Physical Society ({APS})}
}

@article{DeTar_1983,
  author    = {C E DeTar and J F Donoghue},
  journal   = {Annual Review of Nuclear and Particle Science},
  title     = {Bag Models of Hadrons},
  year      = {1983},
  month     = {dec},
  note      = {\href{https://www.annualreviews.org/content/journals/10.1146/annurev.ns.33.120183.001315}{[Annual Reviews]}},
  number    = {1},
  pages     = {235--264},
  volume    = {33},
  doi       = {https://doi.org/10.1146/annurev.ns.33.120183.001315},
  publisher = {Annual Reviews}
}

@article{Han_1965,
  author    = {M. Y. Han and Y. Nambu},
  journal   = {Physical Review},
  title     = {Three-Triplet Model with Double SU(3) Symmetry},
  year      = {1965},
  month     = {aug},
  number    = {4B},
  pages     = {B1006--B1010},
  volume    = {139},
  doi       = {https://doi.org/10.1103/PhysRev.139.B1006},
  publisher = {American Physical Society ({APS})}
}

@article{Johnson1975,
  author  = {K. Johnson},
  journal = {ACTA PHYSICA POLONICA},
  title   = {The M.I.T bag model},
  year    = {1975},
  number  = {6},
  pages   = {1-28},
  volume  = {B6},
  url     = {https://www.actaphys.uj.edu.pl/fulltext?series=Reg&vol=6&page=865}
}

@Comment{jabref-meta: databaseType:bibtex;}
