@Article{Burkert_2018,
  author    = {Burkert, V. D. and Elouadrhiri, L. and Girod, F. X.},
  journal   = {Nature},
  title     = {The pressure distribution inside the proton},
  year      = {2018},
  issn      = {1476-4687},
  month     = may,
  note      = {\href{https://www.nature.com/articles/s41586-018-0060-z}{[Nature]}},
  number    = {7705},
  pages     = {396--399},
  volume    = {557},
  doi       = {https://doi.org/10.1038/s41586-018-0060-z},
  publisher = {Springer Science and Business Media LLC},
  ranking   = {rank4},
  url       = {https://doi.org/10.1038/s41586-018-0060-z},
}

@Article{PhysRevLett.100.162002,
  author        = {CLAS Collaboration},
  journal       = {Phys. Rev. Lett.},
  title         = {Measurement of Deeply Virtual Compton Scattering Beam-Spin Asymmetries},
  year          = {2008},
  month         = {Apr},
  note          = {\href{https://journals.aps.org/prl/abstract/10.1103/PhysRevLett.100.162002}{[APS]}},
  pages         = {162002},
  volume        = {100},
  collaboration = {CLAS Collaboration},
  doi           = {10.1103/PhysRevLett.100.162002},
  issue         = {16},
  numpages      = {6},
  publisher     = {American Physical Society},
  url           = {https://link.aps.org/doi/10.1103/PhysRevLett.100.162002},
}

@Article{Collaboration2015,
  author        = {CLAS Collaboration},
  journal       = {Phys. Rev. Lett.},
  title         = {Cross Sections for the Exclusive Photon Electroproduction on the Proton and Generalized Parton Distributions},
  year          = {2015},
  month         = {Nov},
  note          = {\href{https://journals.aps.org/prl/abstract/10.1103/PhysRevLett.115.212003}{[APS]}},
  pages         = {212003},
  volume        = {115},
  collaboration = {CLAS Collaboration},
  doi           = {10.1103/PhysRevLett.115.212003},
  issue         = {21},
  numpages      = {7},
  publisher     = {American Physical Society},
  url           = {https://link.aps.org/doi/10.1103/PhysRevLett.115.212003},
}

@Article{Mihaylov_2021,
  author    = {Mihaylov, Dimitar Lubomirov},
  journal   = {Nuclear Physics A},
  title     = {First experimental test of HAL QCD lattice calculations for the multi strange hyperon - nucleon interaction with ALICE},
  year      = {2021},
  issn      = {0375-9474},
  month     = jan,
  note      = {\href{https://www.sciencedirect.com/science/article/abs/pii/S0375947420300701t}{[Elsevier]}},
  pages     = {121760},
  volume    = {1005},
  doi       = {https://doi.org/10.1016/j.nuclphysa.2020.121760},
  publisher = {Elsevier BV},
  url       = {https://doi.org/10.1016/j.nuclphysa.2020.121760},
}

@Comment{jabref-meta: databaseType:bibtex;}
