@Book{Greiner2001,
  author    = {Greiner, Walter and Neise, Ludwig and Stöcker, Horst},
  publisher = {Springer},
  title     = {Thermodynamics and Statistical Mechanics (Classical Theoretical Physics)},
  year      = {2001},
  isbn      = {0-387-94299-8},
  pages     = {480},
}

@Article{Barboza_Mendoza_2019,
  author    = {Barboza Mendoza, Carolina and Herrera Corral, G.},
  journal   = {The European Physical Journal A},
  title     = {Quark matter description in a Tsallis entropy approach},
  year      = {2019},
  issn      = {1434-601X},
  month     = sep,
  note      = {\href{https://link.springer.com/article/10.1140/epja/i2019-12834-y}{[Springer]}},
  number    = {9},
  volume    = {55},
  doi       = {https://doi.org/10.1140/epja/i2019-12834-y},
  publisher = {Springer Science and Business Media LLC},
}

@Article{Tsallis1988,
  author    = {Constantino Tsallis},
  journal   = {Journal of Statistical Physics},
  title     = {Possible generalization of Boltzmann-Gibbs statistics},
  year      = {1988},
  month     = {jul},
  note      = {\href{https://link.springer.com/article/10.1007/BF01016429}{[Springer]}},
  number    = {1-2},
  pages     = {479--487},
  volume    = {52},
  doi       = {https://doi.org/10.1007/BF01016429},
  publisher = {Springer Science and Business Media {LLC}},
  url       = {https://doi.org/10.1007/BF01016429},
}

@Article{Beck_2003,
  author    = {Beck, C. and Cohen, E.G.D.},
  journal   = {Physica A: Statistical Mechanics and its Applications},
  title     = {Superstatistics},
  year      = {2003},
  issn      = {0378-4371},
  month     = may,
  note      = {\href{https://doi.org/10.1016/S0378-4371(03)00019-0}{[Elsevier]}},
  pages     = {267--275},
  volume    = {322},
  doi       = {https://doi.org/10.1016/S0378-4371(03)00019-0},
  publisher = {Elsevier BV},
  url       = {https://doi.org/10.1016/S0378-4371(03)00019-0},
}

@Book{Tsallis2009,
  author    = {Constantino Tsallis},
  editor    = {Springer},
  publisher = {Springer},
  title     = {Introduction to Nonextensive Statistical Mechanics: Approaching a Complex World},
  year      = {2009},
  note      = {\href{https://link.springer.com/book/10.1007/978-0-387-85359-8}{[Springer]}},
  doi       = {https://doi.org/10.1007/978-0-387-85359-8},
  url       = {https://doi.org/10.1007/978-0-387-85359-8},
}

@Article{Tsallis_2014,
  author    = {Tsallis, Constantino and Arenas, Zochil Gonzalez},
  journal   = {EPJ Web of Conferences},
  title     = {Nonextensive statistical mechanics and high energy physics},
  year      = {2014},
  issn      = {2100-014X},
  note      = {\href{https://www.epj-conferences.org/articles/epjconf/abs/2014/08/epjconf_icnfp2013_00132/epjconf_icnfp2013_00132.html}{[EPJ]}},
  pages     = {00132},
  volume    = {71},
  doi       = {https://doi.org/10.1051/epjconf/20147100132},
  editor    = {Bravina, L. and Foka, Y. and Kabana, S.},
  publisher = {EDP Sciences},
}

@Article{Tsallis_2009,
  author    = {Tsallis, C.},
  journal   = {The European Physical Journal A},
  title     = {Nonadditive entropy: The concept and its use},
  year      = {2009},
  issn      = {1434-601X},
  month     = may,
  note      = {\href{https://link.springer.com/article/10.1140/epja/i2009-10799-0l}{[Springer]}},
  number    = {3},
  volume    = {40},
  doi       = {https://doi.org/10.1140/epja/i2009-10799-0},
  publisher = {Springer Science and Business Media LLC},
  url       = {https://doi.org/10.1140/epja/i2009-10799-0},
}

@Article{Bediaga_2000,
  author    = {Bediaga, I. and Curado, E.M.F. and de Miranda, J.M.},
  journal   = {Physica A: Statistical Mechanics and its Applications},
  title     = {A nonextensive thermodynamical equilibrium approach in e${}^{+}$ e ${}^{-}\rightarrow$ hadrons},
  year      = {2000},
  issn      = {0378-4371},
  month     = oct,
  note      = {\href{https://www.sciencedirect.com/science/article/abs/pii/S037843710000368X?via%3Dihub}{[Elsevier]}},
  number    = {1–2},
  pages     = {156--163},
  volume    = {286},
  doi       = {https://doi.org/10.1016/S0378-4371(00)00368-X},
  publisher = {Elsevier BV},
  url       = {https://doi.org/10.1016/S0378-4371(00)00368-X},
}

@Article{Collaboration1984,
  author    = {TASSO Collaboration},
  journal   = {Zeitschrift for Physik C Particles and Fields},
  title     = {Jet production and fragmentation in e${}^{+}$ e ${}^{-}$ annihilation at 12 to 43 GeV},
  year      = {1984},
  issn      = {1434-6052},
  month     = dec,
  note      = {\href{https://link.springer.com/article/10.1007/BF01547419}{[Springer]}},
  number    = {4},
  pages     = {307--340},
  volume    = {22},
  doi       = {https://doi.org/10.1007/BF01547419},
  publisher = {Springer Science and Business Media LLC},
}

@Comment{jabref-meta: databaseType:bibtex;}
