@article{acharyaUnveilingStrongInteraction2020,
  title = {Unveiling the Strong Interaction among Hadrons at the {{LHC}}},
  author = {Acharya, S. and Adamová, D. and Adler, A. and Adolfsson, J. and Aggarwal, M. M. and Rinella, G. Aglieri and Agnello, M. and Agrawal, N. and Ahammed, Z. and Ahmad, S. and Ahn, S. U. and Akbar, Z. and Akindinov, A. and Al-Turany, M. and Alam, S. N. and Albuquerque, D. S. D. and Aleksandrov, D. and Alessandro, B. and Alfanda, H. M. and Molina, R. Alfaro and Ali, B. and Ali, Y. and Alici, A. and Alizadehvandchali, N. and Alkin, A. and Alme, J. and Alt, T. and Altenkamper, L. and Altsybeev, I. and Anaam, M. N. and Andrei, C. and Andreou, D. and Andronic, A. and Angeletti, M. and Anguelov, V. and Anson, C. and Antičić, T. and Antinori, F. and Antonioli, P. and Apadula, N. and Aphecetche, L. and Appelshäuser, H. and Arcelli, S. and Arnaldi, R. and Arratia, M. and Arsene, I. C. and Arslandok, M. and Augustinus, A. and Averbeck, R. and Aziz, S. and Azmi, M. D. and Badalà, A. and Baek, Y. W. and Bagnasco, S. and Bai, X. and Bailhache, R. and Bala, R. and Balbino, A. and Baldisseri, A. and Ball, M. and Balouza, S. and Banerjee, D. and Barbera, R. and Barioglio, L. and Barnaföldi, G. G. and Barnby, L. S. and Barret, V. and Bartalini, P. and Bartels, C. and Barth, K. and Bartsch, E. and Baruffaldi, F. and Bastid, N. and Basu, S. and Batigne, G. and Batyunya, B. and Bauri, D. and Alba, J. L. Bazo and Bearden, I. G. and Beattie, C. and Bedda, C. and Behera, N. K. and Belikov, I. and Hechavarria, A. D. C. Bell and Bellini, F. and Bellwied, R. and Belyaev, V. and Bencedi, G. and Beole, S. and Bercuci, A. and Berdnikov, Y. and Berenyi, D. and Bertens, R. A. and Berzano, D. and Besoiu, M. G. and Betev, L. and Bhasin, A. and Bhat, I. R. and Bhat, M. A. and Bhatt, H. and Bhattacharjee, B. and Bianchi, A. and Bianchi, L. and Bianchi, N. and Bielčík, J. and Bielčíková, J. and Bilandzic, A. and Biro, G. and Biswas, R. and Biswas, S. and Blair, J. T. and Blau, D. and Blume, C. and Boca, G. and Bock, F. and Bogdanov, A. and Boi, S. and Bok, J. and Boldizsár, L. and Bolozdynya, A. and Bombara, M. and Bonomi, G. and Borel, H. and Borissov, A. and Bossi, H. and Botta, E. and Bratrud, L. and Braun-Munzinger, P. and Bregant, M. and Broz, M. and Bruna, E. and Bruno, G. E. and Buckland, M. D. and Budnikov, D. and Buesching, H. and Bufalino, S. and Bugnon, O. and Buhler, P. and Buncic, P. and Buthelezi, Z. and Butt, J. B. and Bysiak, S. A. and Caffarri, D. and Caliva, A. and Villar, E. Calvo and Camacho, J. M. M. and Camacho, R. S. and Camerini, P. and Canedo, F. D. M. and Capon, A. A. and Carnesecchi, F. and Caron, R. and Castellanos, J. Castillo and Castro, A. J. and Casula, E. A. R. and Catalano, F. and Sanchez, C. Ceballos and Chakraborty, P. and Chandra, S. and Chang, W. and Chapeland, S. and Chartier, M. and Chattopadhyay, S. and Chattopadhyay, S. and Chauvin, A. and Cheshkov, C. and Cheynis, B. and Barroso, V. Chibante and Chinellato, D. D. and Cho, S. and Chochula, P. and Chowdhury, T. and Christakoglou, P. and Christensen, C. H. and Christiansen, P. and Chujo, T. and Cicalo, C. and Cifarelli, L. and Cilladi, L. D. and Cindolo, F. and Ciupek, M. R. and Clai, G. and Cleymans, J. and Colamaria, F. and Colella, D. and Collu, A. and Colocci, M. and Concas, M. and Balbastre, G. Conesa and family=Valle, given=Z. Conesa, prefix=del, useprefix=true and Contin, G. and Contreras, J. G. and Cormier, T. M. and Morales, Y. Corrales and Cortese, P. and Cosentino, M. R. and Costa, F. and Costanza, S. and Crochet, P. and Cuautle, E. and Cui, P. and Cunqueiro, L. and Dabrowski, D. and Dahms, T. and Dainese, A. and Damas, F. P. A. and Danisch, M. C. and Danu, A. and Das, D. and Das, I. and Das, P. and Das, P. and Das, S. and Dash, A. and Dash, S. and De, S. and De Caro, A. and family=Cataldo, given=G., prefix=de, useprefix=true and family=Cuveland, given=J., prefix=de, useprefix=true and De Falco, A. and De Gruttola, D. and De Marco, N. and De Pasquale, S. and Deb, S. and Degenhardt, H. F. and Deja, K. R. and Deloff, A. and Delsanto, S. and Deng, W. and Dhankher, P. and Di Bari, D. and Di Mauro, A. and Diaz, R. A. and Dietel, T. and Dillenseger, P. and Ding, Y. and Divià, R. and Dixit, D. U. and Djuvsland, Ø. and Dmitrieva, U. and Dobrin, A. and Dönigus, B. and Dordic, O. and Dubey, A. K. and Dubla, A. and Dudi, S. and Dukhishyam, M. and Dupieux, P. and Ehlers, R. J. and Eikeland, V. N. and Elia, D. and Erazmus, B. and Erhardt, F. and Erokhin, A. and Ersdal, M. R. and Espagnon, B. and Eulisse, G. and Evans, D. and Evdokimov, S. and Fabbietti, L. and Faggin, M. and Faivre, J. and Fan, F. and Fantoni, A. and Fasel, M. and Fecchio, P. and Feliciello, A. and Feofilov, G. and Téllez, A. Fernández and Ferrero, A. and Ferretti, A. and Festanti, A. and Feuillard, V. J. G. and Figiel, J. and Filchagin, S. and Finogeev, D. and Fionda, F. M. and Fiorenza, G. and Flor, F. and Flores, A. N. and Foertsch, S. and Foka, P. and Fokin, S. and Fragiacomo, E. and Frankenfeld, U. and Fuchs, U. and Furget, C. and Furs, A. and Girard, M. Fusco and Gaardhøje, J. J. and Gagliardi, M. and Gago, A. M. and Gal, A. and Galvan, C. D. and Ganoti, P. and Garabatos, C. and Garcia, J. R. A. and Garcia-Solis, E. and Garg, K. and {ALICE Collaboration}},
  date = {2020-12},
  journaltitle = {Nature},
  volume = {588},
  number = {7837},
  pages = {232--238},
  publisher = {Nature Publishing Group},
  issn = {1476-4687},
  doi = {10.1038/s41586-020-3001-6},
  url = {https://www.nature.com/articles/s41586-020-3001-6},
  urldate = {2024-11-22},
  abstract = {One of the key challenges for nuclear physics today is to understand from first principles the effective interaction between hadrons with different quark content. First successes have been achieved using techniques that solve the dynamics of quarks and gluons on discrete space-time lattices1,2. Experimentally, the dynamics of the strong interaction have been studied by scattering hadrons off each other. Such scattering experiments are difficult or impossible for unstable hadrons3–6 and so high-quality measurements exist only for hadrons containing up and down quarks7. Here we demonstrate that measuring correlations in the momentum space between hadron pairs8–12 produced in ultrarelativistic proton–proton collisions at the CERN Large Hadron Collider (LHC) provides a precise method with which to obtain the missing information on the interaction dynamics between any pair of unstable hadrons. Specifically, we discuss the case of the interaction of baryons containing strange quarks (hyperons). We demonstrate how, using precision measurements of proton–omega baryon correlations, the effect of the strong interaction for this hadron–hadron pair can be studied with precision similar to, and compared with, predictions from lattice calculations13,14. The large number of hyperons identified in proton–proton collisions at the LHC, together with accurate modelling15 of the small (approximately one femtometre) inter-particle distance and exact predictions for the correlation functions, enables a detailed determination of the short-range part of the nucleon-hyperon interaction.},
  langid = {english},
  keywords = {Experimental nuclear physics,Experimental particle physics},
  file = {/Users/alexmatias/Zotero/storage/323KSEXA/Acharya et al. - 2020 - Unveiling the strong interaction among hadrons at the LHC.pdf}
}

@article{AIHPA_1968__8_2_163_0,
  title = {Sur un modèle à quarks quasi-indépendants},
  author = {Bogolioubov, P. N.},
  date = {1968},
  journaltitle = {Annales de l'institut Henri Poincaré. Section A, Physique Théorique},
  volume = {8},
  number = {2},
  pages = {163--189},
  publisher = {Gauthier-Villars},
  url = {http://www.numdam.org/item/AIHPA_1968__8_2_163_0/},
  langid = {french}
}

@article{chodosBaryonStructureBag1974,
  title = {Baryon Structure in the Bag Theory},
  author = {Chodos, A. and Jaffe, R. L. and Johnson, K. and Thorn, C. B.},
  date = {1974-10},
  journaltitle = {Physical Review D},
  volume = {10},
  number = {8},
  pages = {2599--2604},
  publisher = {American Physical Society (APS)},
  doi = {doi:10.1103/physrevd.10.2599},
  file = {/Users/alexmatias/Zotero/storage/AWZGDT45/PhysRevD.10.html}
}

@article{chodosNewExtendedModel1974,
  title = {New Extended Model of Hadrons},
  author = {Chodos, A. and Jaffe, R. L. and Johnson, K. and Thorn, C. B. and Weisskopf, V. F.},
  date = {1974-06},
  journaltitle = {Physical Review D},
  volume = {9},
  number = {12},
  pages = {3471--3495},
  publisher = {American Physical Society (APS)},
  doi = {10.1103/PhysRevD.9.3471},
  url = {https://doi.org/10.1103/PhysRevD.9.3471}
}

@article{collaborationExperimentalEvidenceAttractive2021,
  title = {Experimental Evidence for an Attractive P-φ Interaction},
  author = {family=Collaboration, given=ALICE, given-i=ALICE},
  date = {2021-10},
  journaltitle = {Physical Review Letters},
  shortjournal = {Phys. Rev. Lett.},
  volume = {127},
  number = {17},
  pages = {172301},
  publisher = {American Physical Society},
  doi = {10.1103/PhysRevLett.127.172301},
  url = {https://link.aps.org/doi/10.1103/PhysRevLett.127.172301},
  collaboration = {ALICE Collaboration},
  pagetotal = {13}
}

@article{collaborationUnveilingStrongInteraction2020,
  title = {Unveiling the Strong Interaction among Hadrons at the {{LHC}}},
  author = {family=Collaboration, given=ALICE, given-i=ALICE},
  date = {2020-12},
  journaltitle = {Nature},
  volume = {588},
  number = {7837},
  pages = {232--238},
  publisher = {{Springer Science and Business Media LLC}},
  issn = {1476-4687},
  doi = {10.1038/s41586-020-3001-6}
}

@article{DeGrand_1975,
  title = {Masses and Other Parameters of the Light Hadrons},
  author = {DeGrand, T. and Jaffe, R. L. and Johnson, K. and Kiskis, J.},
  date = {1975-10},
  journaltitle = {Physical Review D},
  volume = {12},
  number = {7},
  pages = {2060--2076},
  publisher = {American Physical Society (APS)},
  doi = {10.1103/PhysRevD.12.2060}
}

@article{detarBagModelsHadrons1983,
  title = {Bag Models of Hadrons},
  author = {DeTar, C E and Donoghue, J F},
  date = {1983-12},
  journaltitle = {Annual Review of Nuclear and Particle Science},
  volume = {33},
  number = {1},
  pages = {235--264},
  publisher = {Annual Reviews},
  doi = {10.1146/annurev.ns.33.120183.001315},
  file = {/Users/alexmatias/Zotero/storage/W23AGMX6/annurev.ns.33.120183.html}
}

@article{Han_1965,
  title = {Three-Triplet Model with Double {{SU}}(3) Symmetry},
  author = {Han, M. Y. and Nambu, Y.},
  date = {1965-08},
  journaltitle = {Physical Review},
  volume = {139},
  pages = {B1006--B1010},
  publisher = {American Physical Society (APS)},
  doi = {10.1103/PhysRev.139.B1006},
  issue = {4B}
}

@article{hatsudaCorrelationRelativisticHeavy2017,
  title = {P {{Ξ}}⁻ Correlation in Relativistic Heavy Ion Collisions with Nucleon-Hyperon Interaction from Lattice {{QCD}}},
  author = {Hatsuda, Tetsuo and Morita, Kenji and Ohnishi, Akira and Sasaki, Kenji},
  date = {2017-11},
  journaltitle = {Nuclear Physics A},
  volume = {967},
  pages = {856--859},
  publisher = {Elsevier BV},
  issn = {0375-9474},
  doi = {10.1016/j.nuclphysa.2017.04.041}
}

@article{iritaniNODibaryonLattice2019,
  title = {{{NΩ}} Dibaryon from Lattice {{QCD}} near the Physical Point},
  author = {Iritani, Takumi and Aoki, Sinya and Doi, Takumi and Etminan, Faisal and Gongyo, Shinya and Hatsuda, Tetsuo and Ikeda, Yoichi and Inoue, Takashi and Ishii, Noriyoshi and Miyamoto, Takaya and Sasaki, Kenji},
  date = {2019-05},
  journaltitle = {Physics Letters B},
  volume = {792},
  pages = {284--289},
  publisher = {Elsevier BV},
  issn = {0370-2693},
  doi = {10.1016/j.physletb.2019.03.050}
}

@article{Johnson1975,
  title = {The {{M}}.{{I}}.{{T}} Bag Model},
  author = {Johnson, K.},
  date = {1975},
  journaltitle = {ACTA PHYSICA POLONICA},
  volume = {B6},
  number = {6},
  pages = {1--28},
  url = {https://www.actaphys.uj.edu.pl/fulltext?series=Reg&vol=6&page=865}
}

@article{tanCharacteristicParametersProton2019,
  title = {Some Characteristic Parameters of Proton from the Bag Model},
  author = {Tan, Z. G. and Li, Z. D. and Chen, Y.},
  date = {2019-03-01},
  journaltitle = {Results in Physics},
  shortjournal = {Results in Physics},
  volume = {12},
  pages = {190--192},
  issn = {2211-3797},
  doi = {10.1016/j.rinp.2018.11.027},
  url = {https://www.sciencedirect.com/science/article/pii/S2211379718324914},
  urldate = {2025-04-05},
  abstract = {We treat the mass of a proton as the total static energy which can be separated into two parts that come from the contribution of quarks and gluons respectively. We adopt the essential of the bag model of hadron to discuss the structure of a proton and find that the calculated temperature, proton radius, the bag constant are acceptable if a proton is a thermal equilibrium system of quarks and gluons.},
  file = {/Users/alexmatias/Zotero/storage/CGXXPZ4F/Tan et al. - 2019 - Some characteristic parameters of proton from the bag model.pdf;/Users/alexmatias/Zotero/storage/NEBG6PZY/S2211379718324914.html}
}

@article{tsallisNonextensiveStatisticalMechanics2011,
  title = {Nonextensive Statistical Mechanics: {{Applications}} to High Energy Physics},
  shorttitle = {Nonextensive Statistical Mechanics},
  author = {Tsallis, C.},
  date = {2011},
  journaltitle = {EPJ Web of Conferences},
  shortjournal = {EPJ Web of Conferences},
  volume = {13},
  pages = {05001},
  issn = {2100-014X},
  doi = {10.1051/epjconf/20111305001},
  url = {http://www.epj-conferences.org/10.1051/epjconf/20111305001},
  urldate = {2024-11-22},
  langid = {english},
  file = {/Users/alexmatias/Zotero/storage/UDSJ3BLN/Tsallis - 2011 - Nonextensive statistical mechanics Applications to high energy physics.pdf}
}
